@software{phpstorm,
	author = {JetBrains},
	title = {PhpStorm},
	url = {https://www.jetbrains.com/phpstorm/},
	year = {2024.1.1},
}

@software{php,
	author = {Rasmus Lerdorf},
	title = {PHP},
	url = {https://www.php.net/},
	year = {2024},
	organization = {The PHP Group},
	version = {8.3.6},
}